@article{Park20032301,
title = "A lane-curve detection based on an \{LCF\} ",
journal = "Pattern Recognition Letters ",
volume = "24",
number = "14",
pages = "2301 - 2313",
year = "2003",
note = "",
issn = "0167-8655",
doi = "http://dx.doi.org/10.1016/S0167-8655(03)00056-4",
url = "http://www.sciencedirect.com/science/article/pii/S0167865503000564",
author = "Jong Woung Park and Joon Woong Lee and Kyung Young Jhang",
keywords = "Lane-curve function",
keywords = "Image processing",
keywords = "Edge gradient",
keywords = "Lane curvature",
keywords = "Asymptote "
}
@BOOKLET{avalon,
	title={Avalon by DFKI RIC and University of Bremen},
	author={M Hildebrandt, S Joyeux, A Duda, J C Albiez, F Ke√üeler, M Goldhoorn and M Dabrowska},
	year={2011}
}
@article{Albiez2015CSurveyA,
  title={CSurvey - An autonomous optical inspection head for AUVs},
  author={Jan Christian Albiez and Alexander Duda and Martin Fritsche and Felix Rehrmann and Frank Kirchner},
  journal={Robotics and Autonomous Systems},
  year={2015},
  volume={67},
  pages={72-79}
}

@inproceedings{chen2006real,
  title={A real-time lane detection algorithm based on a hyperbola-pair model},
  author={Chen, Qiang and Wang, Hong},
  booktitle={2006 IEEE Intelligent Vehicles Symposium},
  pages={510--515},
  year={2006},
  organization={IEEE}
}

@inproceedings{mccall2004integrated,
  title={An integrated, robust approach to lane marking detection and lane tracking},
  author={McCall, Joel C and Trivedi, Mohan M},
  booktitle={Intelligent Vehicles Symposium, 2004 IEEE},
  pages={533--537},
  year={2004},
  organization={IEEE}
}

@article{wang2004lane,
  title={Lane detection and tracking using B-Snake},
  author={Wang, Yue and Teoh, Eam Khwang and Shen, Dinggang},
  journal={Image and Vision computing},
  volume={22},
  number={4},
  pages={269--280},
  year={2004},
  publisher={Elsevier}
}

@article{bai2010multiple,
  title={Multiple Condensation filters for road detection and tracking},
  author={Bai, Li and Wang, Yan and Fairhurst, Michael},
  journal={Pattern Analysis and Applications},
  volume={13},
  number={3},
  pages={251--262},
  year={2010},
  publisher={Springer}
}

@inproceedings{hallset1991simple,
  title={Simple vision tracking of pipelines for an autonomous underwater vehicle},
  author={Hallset, JO},
  booktitle={Robotics and Automation, 1991. Proceedings., 1991 IEEE International Conference on},
  pages={2767--2772},
  year={1991},
  organization={IEEE}
}

@inproceedings{rasmussen2004texture,
  title={Texture-Based Vanishing Point Voting for Road Shape Estimation.},
  author={Rasmussen, Christopher},
  booktitle={BMVC},
  pages={1--10},
  year={2004},
  organization={Citeseer}
}

@BOOKLET{balears2007visual,
  title={Visual underwater cable/pipeline tracking},
  author={Balears, Illes},
  year={2007}
}

@Inbook{Voisin2005,
author="Voisin, Vincent
and Avila, Manuel
and Emile, Bruno
and Begot, Stephane
and Bardet, Jean-Christophe",
editor="Blanc-Talon, Jacques
and Philips, Wilfried
and Popescu, Dan
and Scheunders, Paul",
title="Road Markings Detection and Tracking Using Hough Transform and Kalman Filter",
bookTitle="Advanced Concepts for Intelligent Vision Systems: 7th International Conference, ACIVS 2005, Antwerp, Belgium, September 20-23, 2005. Proceedings",
year="2005",
publisher="Springer Berlin Heidelberg",
address="Berlin, Heidelberg",
pages="76--83",
isbn="978-3-540-32046-3",
doi="10.1007/11558484_10",
url="http://dx.doi.org/10.1007/11558484_10"
}

@book{simon2006optimal,
  title={Optimal state estimation: Kalman, H infinity, and nonlinear approaches},
  author={Simon, Dan},
  year={2006},
  publisher={John Wiley \& Sons}
}
@inproceedings{brunsdon2007path,
  title={Path estimation from GPS tracks},
  author={Brunsdon, Chris},
  booktitle={Proceedings of the 9th International Conference on GeoComputation},
  year={2007},
  organization={National Centre for Geocomputation, Maynooth University.}
}
@inproceedings{rathinam2007autonomous,
  title={Autonomous searching and tracking of a river using an UAV},
  author={Rathinam, Sivakumar and Almeida, Pedro and Kim, ZuWhan and Jackson, Steven and Tinka, Andrew and Grossman, William and Sengupta, Raja},
  booktitle={2007 American Control Conference},
  pages={359--364},
  year={2007},
  organization={IEEE}
}
@book{cai2011unmanned,
  title={Unmanned rotorcraft systems},
  author={Cai, Guowei and Chen, Ben M and Lee, Tong Heng},
  year={2011},
  publisher={Springer Science \& Business Media}
}
@book{kaipio2006statistical,
  title={Statistical and computational inverse problems},
  author={Kaipio, Jari and Somersalo, Erkki},
  volume={160},
  year={2006},
  publisher={Springer Science \& Business Media}
}
@article{foresti2000vision,
  title={A vision based system for object detection in underwater images},
  author={Foresti, Gian Luca and Gentili, Stefania},
  journal={International Journal of Pattern Recognition and Artificial Intelligence},
  volume={14},
  number={02},
  pages={167--188},
  year={2000},
  publisher={World Scientific}
}
@BOOKLET{cuevas2005kalman,
  title={Kalman filter for vision tracking},
  author={Cuevas, Erik V and Zaldivar, Daniel and Rojas, Raul},
  year={2005}
}
