@article{Chen2013301,
title = "A \{PID\} Positioning Controller with a Curve Fitting Model Based on \{RFID\} Technology ",
journal = "Journal of Applied Research and Technology ",
volume = "11",
number = "2",
pages = "301 - 310",
year = "2013",
note = "",
issn = "1665-6423",
doi = "http://dx.doi.org/10.1016/S1665-6423(13)71540-2",
url = "http://www.sciencedirect.com/science/article/pii/S1665642313715402",
author = "Young-Long Chen and Zhi-Rong Chen",
keywords = "RFID",
keywords = "PID",
keywords = "curve fitting",
keywords = "location system",
keywords = "mobile environments",
keywords = "indoor positioning system "
}

